

@article{woodbridge2016predicting,
	title={Predicting domain generation algorithms with long short-term memory networks},
	author={Woodbridge, Jonathan and Anderson, Hyrum S and Ahuja, Anjum and Grant, Daniel},
	journal={arXiv preprint arXiv:1611.00791},
	year={2016}
}

@article{wang2017malware,
	title={Malware traffic classification using convolutional neural network for representation learning},
	author={Wang, Wei and Zhu, Ming and Zeng, Xuewen and Ye, Xiaozhou and Sheng, Yiqiang},
	booktitle={2017 International Conference on Information Networking (ICOIN)},
	pages={712--717},
	year={2017},
	organization={IEEE}
}

@article{torres2016analysis,
	title={An analysis of recurrent neural networks for botnet detection behavior},
	author={Torres, Pablo and Catania, Carlos and Garcia, Sebastian and Garino, Carlos Garcia},
	booktitle={2016 IEEE biennial congress of Argentina (ARGENCON)},
	pages={1--6},
	year={2016},
	organization={IEEE}
}

@article{mac2017dga,
	title={DGA botnet detection using supervised learning methods},
	author={Mac, Hieu and Tran, Duc and Tong, Van and Nguyen, Linh Giang and Tran, Hai Anh},
	booktitle={Proceedings of the Eighth International Symposium on Information and Communication Technology},
	pages={211--218},
	year={2017},
	organization={ACM}
}

@article{lecun1995learning,
	title={Learning algorithms for classification: A comparison on handwritten digit recognition},
	author={LeCun, Yann and Jackel, LD and Bottou, L{\'e}on and Cortes, Corinna and Denker, John S and Drucker, Harris and Guyon, Isabelle and Muller, Urs A and Sackinger, Eduard and Simard, Patrice and others},
	journal={Neural networks: the statistical mechanics perspective},
	volume={261},
	pages={276},
	year={1995},
	publisher={World Scientific Singapore}
}

@article{krizhevsky2012imagenet,
	title={Imagenet classification with deep convolutional neural networks},
	author={Krizhevsky, Alex and Sutskever, Ilya and Hinton, Geoffrey E},
	booktitle={Advances in neural information processing systems},
	pages={1097--1105},
	year={2012}
}

@article{gers1999learning,
	title={Learning to forget: Continual prediction with LSTM},
	author={Gers, Felix A and Schmidhuber, J{\"u}rgen and Cummins, Fred},
	year={1999},
	publisher={IET}
}

@article{goodfellow2014generative,
	title={Generative adversarial nets},
	author={Goodfellow, Ian and Pouget-Abadie, Jean and Mirza, Mehdi and Xu, Bing and Warde-Farley, David and Ozair, Sherjil and Courville, Aaron and Bengio, Yoshua},
	booktitle={Advances in neural information processing systems},
	pages={2672--2680},
	year={2014}
}

@misc{cup2007available,
	title={Available on: http://kdd. ics. uci. edu/databases/kddcup99/kddcup99. html},
	author={Cup, KDD},
	year={2007},
	publisher={Ocotber}
}

@article{tavallaee2009detailed,
	title={A detailed analysis of the KDD CUP 99 data set},
	author={Tavallaee, Mahbod and Bagheri, Ebrahim and Lu, Wei and Ghorbani, Ali A},
	booktitle={2009 IEEE Symposium on Computational Intelligence for Security and Defense Applications},
	pages={1--6},
	year={2009},
	organization={IEEE}
}

@article{becher2019law,
	title={Law in Books and Law in Action: The Readability of Privacy Policies and the GDPR},
	author={Becher, Shmuel I and Benoliel, Uri},
	journal={CONSUMER LAW \& ECONOMICS, Klaus Mathis \& Avishalom Tor, eds., Springer (forthcoming, 2019)},
	year={2019}
}

@article{berman2019survey,
	title={A survey of deep learning methods for cyber security},
	author={Berman, Daniel S and Buczak, Anna L and Chavis, Jeffrey S and Corbett, Cherita L},
	journal={Information},
	volume={10},
	number={4},
	pages={122},
	year={2019},
	publisher={Multidisciplinary Digital Publishing Institute}
}

@article{zhou2012dissecting,
	title={Dissecting android malware: Characterization and evolution},
	author={Zhou, Yajin and Jiang, Xuxian},
	booktitle={2012 IEEE symposium on security and privacy},
	pages={95--109},
	year={2012},
	organization={IEEE}
}